<?xml version="1.0" encoding="UTF-8"?><record xmlns="http://www.loc.gov/MARC21/slim" xmlns:cinclude="http://apache.org/cocoon/include/1.0" xmlns:zs="http://www.loc.gov/zing/srw/">
  <leader>00637cz  a2200157n  4500</leader>
  <controlfield tag="001">n  87944535 </controlfield>
  <controlfield tag="003">DLC</controlfield>
  <controlfield tag="005">20040426104842.0</controlfield>
  <controlfield tag="008">880425n| acannaab           |n aaa      </controlfield>
  <datafield tag="010" ind1=" " ind2=" ">
    <subfield code="a">n  87944535 </subfield>
  </datafield>
  <datafield tag="040" ind1=" " ind2=" ">
    <subfield code="a">DLC</subfield>
    <subfield code="c">DLC</subfield>
    <subfield code="d">DLC</subfield>
  </datafield>
  <datafield tag="100" ind1="1" ind2="0">
    <subfield code="a">Miller, Wick R.</subfield>
  </datafield>
  <datafield tag="670" ind1=" " ind2=" ">
    <subfield code="a">Sullivan, T.D. Thelma D. Sullivan's compendium of Nahuatl grammar, 1988:</subfield>
    <subfield code="b">CIP t.p. (Wick R. Miller)</subfield>
  </datafield>
  <datafield tag="670" ind1=" " ind2=" ">
    <subfield code="a">LC data base, 4-8-88</subfield>
    <subfield code="b">(hdg.: Miller, Wick R.)</subfield>
  </datafield>
  <datafield tag="670" ind1=" " ind2=" ">
    <subfield code="a">American Indian languages, 1997:</subfield>
    <subfield code="b">CIP t.p. (Wick R. Miller) pub. info. (b. 01-06-32)</subfield>
  </datafield>
  <datafield tag="670" ind1=" " ind2=" ">
    <subfield code="a">Guariji휍혖o grama휍혖tica, textos y vocabulario, 1996:</subfield>
    <subfield code="b">t.p. (Wick R. Miller) p. [19] (b. 1932, d. 1994)</subfield>
  </datafield>
</record>